@manual{snow,
 	organization  = {Camp Mobile},
    title         = {SNOW mobile application},
    year          = {2015},
    month         = {9},
    url           = {https://en.wikipedia.org/wiki/Snow_(app)},
    note		  = {Online; accessed 02-April-2019}
}
@article{improve_for_back,
  author = {Liu, Yu and S. Lew, Michael},
  year = {2017},
  month = {09},
  pages = {1272-1276},
  title = {Improving the discrimination between foreground and background for semantic segmentation},
  doi = {10.1109/ICIP.2017.8296486}
}

@incollection{NIPS2012_4824,
title = {ImageNet Classification with Deep Convolutional Neural Networks},
author = {Alex Krizhevsky and Sutskever, Ilya and Hinton, Geoffrey E},
booktitle = {Advances in Neural Information Processing Systems 25},
editor = {F. Pereira and C. J. C. Burges and L. Bottou and K. Q. Weinberger},
pages = {1097--1105},
year = {2012},
publisher = {Curran Associates, Inc.},
url = {http://papers.nips.cc/paper/4824-imagenet-classification-with-deep-convolutional-neural-networks.pdf}
}


